
@incollection{Doniec,
year={2014},
isbn={978-3-642-28571-4},
booktitle={Experimental Robotics},
volume={79},
series={Springer Tracts in Advanced Robotics},
editor={Khatib, Oussama and Kumar, Vijay and Sukhatme, Gaurav},
doi={10.1007/978-3-642-28572-1_45},
title={Estimation of Thruster Configurations for Reconfigurable Modular Underwater Robots},
url={http://dx.doi.org/10.1007/978-3-642-28572-1_45},
publisher={Springer Berlin Heidelberg},
author={Doniec, Marek and Detweiler, Carrick and Rus, Daniela},
pages={655-666}
}

@book{Seber,
year={2003},
booktitle={Nonlinear Regression},
series={Wiley-Interscience paperback series},
author={Seber, George A. F. and Wild, C. J.},
isbn={978-0-471-47135-6}
}